% Sample book entry


@book{pierce_basic_1991,
	title = {Basic category theory for computer scientists},
	isbn = {0262660717},
	publisher = {The {MIT} Press},
	author = {B. C Pierce},
	year = {1991}
}


@article{leijen_parsec_2001,
	title = {Parsec, a fast combinator parser},
	author = {D. Leijen},
	year = {2001}
}
% Sample website entry


@article{hutton_monadic_1998,
	title = {Monadic parsing in Haskell},
	volume = {8},
	issn = {0956-7968},
	number = {04},
	journal = {Journal of functional programming},
	author = {G. Hutton and E. Meijer},
	year = {1998},
	pages = {437-444}
}

@article{aho1986compilers,
  title={{Compilers: principles, techniques, and tools}},
  author={Aho, A.V. and Sethi, R. and Ullman, J.D.},
  journal={Reading, MA,},
  year={1986}
}



@misc{leijen2001parsec,
  title={{Parsec, a fast combinator parser}},
  author={Leijen, D.},
  year={2001}
}


@article{garshol_bnf_????,
	title = {{BNF} and {EBNF:} What are they and how do they work},
	shorttitle = {{BNF} and {EBNF}},
	author = {L. M Garshol}
}


@book{hutton_programming_2007,
	title = {Programming in Haskell},
	isbn = {0521692695},
	publisher = {Cambridge Univ Pr},
	author = {G. Hutton},
	year = {2007}
}


@article{jones_wearing_2003,
	title = {Wearing the hair shirt: a retrospective on Haskell},
	volume = {206},
	shorttitle = {Wearing the hair shirt},
	journal = {Invited talk at {POPL}},
	author = {S. P Jones and L. Simon},
	year = {2003}
}

@article{thomas_mda_2005,
	title = {{MDA:} Revenge of the Modelers or {UML} Utopia?},
	volume = {21},
	issn = {0740-7459},
	shorttitle = {{MDA}},
	number = {3},
	journal = {Software, {IEEE}},
	author = {D. Thomas},
	year = {2005},
	pages = {15-17}
}


@article{why,
	title = {Why functional programming matters},
	volume = {32},
	issn = {0010-4620},
	number = {2},
	journal = {The computer journal},
	author = {J. Hughes},
	year = {1989},
	pages = {98}
}

@article{overloading,
	title = {Functional programming with overloading and higher-order polymorphism},
	journal = {Advanced Functional Programming},
	author = {M. Jones},
	year = {1995}
}

@article{three_model,
	title = {Three models for the description of language},
	volume = {2},
	issn = {0096-1000},
	number = {3},
	journal = {Information Theory, {IRE} Transactions on},
	author = {N. Chomsky}
}


@book{alex,
	title = {Alex User Guide},
	author = {C. Dornan and I. Jones},
	year = {2003}
}



@article{happy,
	title = {Happy: The parser generator for Haskell},
	shorttitle = {Happy},
	journal = {University of Glasgow},
	author = {A. Gill and S. Marlow},
	year = {1995}
}

@article{logic,
	title = {A set of postulates for the foundation of logic},
	volume = {33},
	issn = {{0003-486X}},
	number = {2},
	journal = {The Annals of Mathematics},
	author = {A. Church},
	year = {1932}
}



@article{unsolvable,
	title = {An unsolvable problem of elementary number theory},
	volume = {58},
	issn = {0002-9327},
	number = {2},
	journal = {American journal of mathematics},
	author = {A. Church},
	year = {1936},
	pages = {345-363}
}



@article{haskell98,
	title = {Haskell 98 Language and Libraries-The Revised Report. December 2002},
	journal = {{URL} http://www.haskell.org/onlinereport},
	author = {S. P Jones and L. Augustsson}
}


@article{monads_for,
	title = {Monads for functional programming},
	journal = {Advanced Functional Programming},
	author = {P. Wadler},
	year = {1995}
}




@book{real_world,
	title = {Real World Haskell},
	isbn = {0596514980},
	publisher = {{O'Reilly} Media},
	author = {B. {O'Sullivan} and J. Goerzen and D. Stewart},
	year = {2008}
}


@book{learn_haskell,
	title = {Learn You a Haskell for Great Good!},
	author = {Miran Lipovaca},
	year = {2011}
}


@inproceedings{history,
	title = {A history of Haskell: being lazy with class},
	shorttitle = {A history of Haskell},
	booktitle = {Proceedings of the third {ACM} {SIGPLAN} conference on History of programming languages},
	author = {P. Hudak and J. Hughes and S. P Jones and P. Wadler},
	year = {2007}
}


@article{imperative,
	title = {Imperative functional programming},
	author = {S. {L.P} Jones and P. Wadler},
	year = {1993}
}


@article{intro,
	title = {A gentle introduction to Haskell},
	volume = {27},
	issn = {0362-1340},
	number = {5},
	journal = {{ACM} Sigplan Notices},
	author = {P. Hudak and J. H Fasel},
	year = {1992}
}



@article{step,
	title = {Monad transformers step by step},
	journal = {Draft paper. Available online http://uebb. cs. tu-berlin. de/{\textbackslash} {magr/pub/Transformers.} pdf},
	author = {M. Grabm{\textbackslash}ller},
	year = {2006}
}




@inproceedings{lazy1,
	title = {Lazy functional state threads},
	isbn = {{089791662X}},
	booktitle = {Proceedings of the {ACM} {SIGPLAN} 1994 conference on Programming language design and implementation},
	author = {J. Launchbury and S. L Peyton Jones},
	year = {1994}
}


@inproceedings{modular,
	title = {Modular compilers based on monad transformers},
	booktitle = {iccl},
	author = {W. L Harrison and S. N Kamin},
	year = {1998},
	pages = {122}
}


@article{final,
	title = {A final solution to the dangling else of Algol 60 and related languages},
	volume = {9},
	issn = {0001-0782},
	number = {9},
	journal = {Communications of the {ACM}},
	author = {P. W Abrahams},
	year = {1966},
	pages = {679-682}
}


@inproceedings{practical,
	title = {Practical advantages of declarative programming},
	volume = {94},
	booktitle = {Joint Conference on Declarative Programming, {GULP-PRODE}},
	author = {J. W Lloyd},
	year = {1994}
}


